@ARTICLE{73561,
	author={J. C. Willems},
	journal={IEEE Transactions on Automatic Control},
	title={Paradigms and puzzles in the theory of dynamical systems},
	year={1991},
	volume={36},
	number={3},
	pages={259-294},
	keywords={controllability;feedback;identification;large-scale systems;observability;behavioral equations;controllability;dynamical systems;feedback control law;identification;input/output;interconnection;observability;parametrization problems;representation;state models;Controllability;Equations;Feedback control;Helium;Mathematical model;Mathematics;Observability;Power system interconnection;Power system modeling;System identification},
	doi={10.1109/9.73561},
	ISSN={0018-9286},
	month={Mar},}
@INPROCEEDINGS{pp,
	author={D. Pal and H. K. Pillai},
	booktitle={53rd IEEE Conference on Decision and Control},
	title={Novel representation formulae for discrete 2D autonomous systems},
	year={2014},
	pages={1307-1312},
	keywords={matrix algebra;polynomials;Noether normalization lemma;classical algebraic result;higher order discrete 2D autonomous systems;quotient modules;representation formulae;square 1-variable Laurent polynomial matrix;variable Laurent polynomial ring;Difference equations;Kernel;Mathematical model;Polynomials;Trajectory;Vectors},
	doi={10.1109/CDC.2014.7039562},
	ISSN={0191-2216},
	month={Dec},}
@ARTICLE{valcher,
	author={M. E. Valcher},
	journal={IEEE Transactions on Circuits and Systems I: Fundamental Theory and Applications},
	title={Characteristic cones and stability properties of two-dimensional autonomous behaviors},
	year={2000},
	volume={47},
	number={3},
	pages={290-302},
	keywords={multidimensional systems;polynomial matrices;stability;2D autonomous behaviour;2D system modelling;Laurent polynomial matrices;characteristic cones;characteristic set;finite-dimensional behavior sum;general 2D autonomous behaviors;maximal order minors;nonsingular square matrices;stability properties;two-dimensional autonomous behaviors;Asymptotic stability;Digital images;Image enhancement;Kernel;Multidimensional systems;Polynomials;Seismology;Trajectory;Two dimensional displays;X-ray imaging},
	doi={10.1109/81.841912},
	ISSN={1057-7122},
	month={Mar},}
@article{zampieri,
	author = {E. Fornasini and P. Rocha and S. Zampieri},
	title = {State Space Realization of 2-D Finite-Dimensional Behaviours},
	journal = {SIAM Journal on Control and Optimization},
	volume = {31},
	number = {6},
	pages = {1502-1517},
	year = {1993},
	doi = {10.1137/0331070},

	URL = { 
	        http://dx.doi.org/10.1137/0331070
		    
		},
	eprint = { 
	           http://dx.doi.org/10.1137/0331070
		       
		   }

}



